@Misc{Freeman:2017,
    author    = "Freeman, Raphael",
    title     = "Word vs InDesign for your Book: an Expert Analysis",
    year      = "2017",
    cited     = "19.\,4.\,2021",
    publisher = "Raphael Freeman",
    url       = "https://www.renanatype.com/post/2017/02/26/word-vs-indesign-for-your-book-an-expert-analysis",
    note      = {[vid. 2021-04-19]},
}

@Misc{Reedsy:2018,
    author    = "Reedsy",
    title     = "What is Typesetting? Your Guide to Interior Book Design",
    year      = "2018",
    cited     = "19.\,4.\,2021",
    publisher = "Reedsy",
    url       = "https://blog.reedsy.com/what-is-typesetting/",
    note      = {[vid. 2021-04-19]},
}

@Misc{Downes:2002,
    author    = "Downes, Michael",
    title     = "Short Math Guide for {\LaTeX}",
    pages     = "12",
    year      = "2002",
    cited     = "19.\,4.\,2021",
    publisher = "American Mathematical Society",
    url       = "http://sabotin.ung.si/~sstanic/teaching/CIS/LaTeX/LaTeX_short-math-guide.pdf",
    note      = {[vid. 2021-04-19]},
}

@Book{Rybicka:2003,
    author    = "Rybička, Jiří",
    title     = "{\LaTeX} pro začátečníky",
    publisher = "Konvoj",
    year      = "2003",
    edition   = "3",
    address   = "Brno",
    isbn      = "80-7302-049-1",
}

@Book{Lamport:1994,
    author    = "Lamport, Leslie",
    title     = "{\LaTeX}: A Document Preparation System",
    publisher = "Addison-Wesley Professional",
    year      = "1994",
    edition   = "2",
    address   = "Boston",
    isbn      = "978-0201529838",
}

@MastersThesis{Pysny:2009,
    author    = "Py\v{s}n\'{y}, Radek",
    type      = "Bakal\'{a}\v{r}sk\'{a} pr\'{a}ce",
    title     = "BiBTeX styl pro \v{C}SN ISO 690 a \v{C}SN ISO 690-2",
    school    = "Vysok\'{e} u\v{c}en\'{i} technick\'{e} v Brn\v{e}, Fakulta informa\v{c}n\'{i}ch technologi\'{i}",
    year      = "2009",
    location  = "Brno",
    language  = "czech",
    supervisor= "Křena, Bohuslav"
}

@mastersthesis{Wyrwolova:2014,
    author    = {Wyrwolová, Barbora},
    title     = {Sazba matematických formulí \LaTeX em},
    school    = {Univerzita Palackého v Olomouci, Přírodovědecká fakulta},
    year      = {2014},
    location  = {Olomouc},
    type      = {Bakalářská práce},
    supervisor= "Závodný, Miroslav"
}

@article{May:2018,
    author    = {May, Tom},
    title     = {IMPROVE YOUR DIGITAL TYPOGRAPHY},
    journal   = {Computer Arts},
    pages     = {70-73},
    number    = {277},
    volume    = {277},
    year      = {2018},
    publisher = {Future Publishing Ltd},
    location  = "Bath",
    issn      = {1360-5372},
}

@article{Archer:2011,
    author    = {Archer, Caroline},
    year      = {2011},
    date      = {20. května},
    title     = {Twelve golden rules for setting perfect type},
    journal   = {Printweek},
    pages     = {25-26},
    publisher = {Haymarket Business Publications Ltd.},
    location  = {London},
    issn      = {1350-9829},
}

@article{Typografia,
    year      = {1888-},
    journal   = {Typografia},
    location  = {Praha},
    issn      = {0322-9068},
    key       = {Typografia},
}
